@misc{fltr,
  title = {Flutter},
  howpublished = {\url{https://flutter.dev/}}
}
@misc{frbs,
  title = {Firebase},
  howpublished = {\url{https://firebase.google.com/}}
}
@misc{fstr,
  title = {Cloud Firestore},
  howpublished = {\url{https://firebase.google.com/docs/firestore}}
}
@misc{git,
  title = {Git},
  howpublished = {\url{https://en.wikipedia.org/wiki/Git}}
}
@misc{gthb,
  title = {Github},
  howpublished = {\url{https://techcrunch.com/2012/07/14/what-exactly-is-github-anyway/}}
}
@misc{mvc,
  title = {Architecture MVC},
  howpublished = {\url{https://en.wikipedia.org/wiki/Model%E2%80%93view%E2%80%93controller}}
}